<?xml version="1.0" encoding="UTF-8"?><collection xmlns="http://www.loc.gov/MARC21/slim"><record><leader>00434nam--2200121-i-4500</leader><controlfield tag="001">000002166</controlfield><controlfield tag="002">20161230</controlfield><controlfield tag="005">20161230201024</controlfield><controlfield tag="008">060222s1000------------r-----000-0-eng-d</controlfield><datafield ind1=" " ind2=" " tag="100"><subfield code="a">Francis, G.E., Mulligan, W., Wormall, A</subfield></datafield><datafield ind1=" " ind2=" " tag="245"><subfield code="a">Isotopic tracers. a theoretical and practical manual for biological students and research workers.with foreword by hevesy</subfield></datafield><datafield ind1=" " ind2=" " tag="260"><subfield code="a">London, Athlone Press, University, 1954. Xvi + 306 P</subfield></datafield><datafield ind1=" " ind2=" " tag="852"><subfield code="a">10946</subfield></datafield></record></collection>